<?xml version="1.0" encoding="UTF-8"?><collection xmlns="http://www.loc.gov/MARC21/slim"><record><leader>00408nam--2200133-i-4500</leader><controlfield tag="001">000021955</controlfield><controlfield tag="002">20161230</controlfield><controlfield tag="005">20161230201034</controlfield><controlfield tag="008">060222s1000------------r-----000-0-eng-d</controlfield><datafield ind1=" " ind2=" " tag="080"><subfield code="a">530.145</subfield></datafield><datafield ind1=" " ind2=" " tag="100"><subfield code="a">Hilgewoord, Jan</subfield></datafield><datafield ind1=" " ind2=" " tag="245"><subfield code="a">Dispersion relations and causal description. an introduction to dispersion relations in field theory</subfield></datafield><datafield ind1=" " ind2=" " tag="260"><subfield code="a">Amsterdam, North-hollland Publ.Co., 1960, 140 P</subfield></datafield><datafield ind1=" " ind2=" " tag="852"><subfield code="a">16510</subfield></datafield></record></collection>